note={\url{https://jckantor.github.io/CBE30338/02.05-Hare-and-Lynx-Population-Dynamics.html}}
note={\url{https://publications.gc.ca/collections/collection_2017/eccc/CW69-4-59-1992-eng.pdf}}
note={\url{https://otexts.com/fpp3/tscv.html}}
note={\url{https://sites-math-duke-edu.translate.goog/education/ccp/materials/diffeq/predprey/pred1.html?_x_tr_sl=en&_x_tr_tl=vi&_x_tr_hl=vi&_x_tr_pto=sc}}